@inproceedings{chen1998finding,
	title={On finding multi-constrained paths},
	author={Chen, Shigang and Nahrstedt, Klara},
	booktitle={Communications, 1998. ICC 98. Conference Record. 1998 IEEE International Conference on},
	volume={2},
	pages={874--879},
	year={1998},
	organization={IEEE}
}

@book{dijkstra1976discipline,
  title={A discipline of programming},
  author={Dijkstra, Edsger Wybe and Dijkstra, Edsger Wybe and Dijkstra, Edsger Wybe and Informaticien, Etats-Unis and Dijkstra, Edsger Wybe},
  volume={1},
  year={1976},
  publisher={prentice-hall Englewood Cliffs}
}

@book{bellman2013dynamic,
	title={Dynamic programming},
	author={Bellman, Richard},
	year={2013},
	publisher={Courier Corporation}
}

@article{howard1966dynamic,
	title={Dynamic programming},
	author={Howard, Ronald A},
	journal={Management Science},
	volume={12},
	number={5},
	pages={317--348},
	year={1966},
	publisher={INFORMS}
}


@article{lawler1980generating,
	title={Generating all maximal independent sets: NP-hardness and polynomial-time algorithms},
	author={Lawler, Eugene L. and Lenstra, Jan Karel and Rinnooy Kan, AHG},
	journal={SIAM Journal on Computing},
	volume={9},
	number={3},
	pages={558--565},
	year={1980},
	publisher={SIAM}
}

